@electronic{graphql,
  added-at = {2015-07-02T15:40:58.000+0200},
  author = {{Facebook}},
  biburl = {https://www.bibsonomy.org/bibtex/22fd202ba3c401cd57c247712f1a3513f/maxirichter},
  interhash = {9c50ba46f8323b9262e7fa2d5842b372},
  intrahash = {2fd202ba3c401cd57c247712f1a3513f},
  keywords = {data facebook graphs javascript query_language webdevelopment},
  timestamp = {2015-07-02T15:40:58.000+0200},
  title = {GraphQL},
  url = {http://facebook.github.io/graphql/},
  year = 2015
}
@misc{node, url={https://nodejs.org/}, journal={Node.js}, author={Node.js}
    
}
@misc{
    express, title={Node.js web application framework}, url={http://expressjs.com/}, journal={Express}
    }
@misc{
    react, title={React – a JavaScript library for building user interfaces}, url={https://reactjs.org/}, journal={– A JavaScript library for building user interfaces}
    }
 
@misc{mongo, title={The developer Data Platform}, url={https://www.mongodb.com/}, journal={MongoDB}}
  
@misc{rest, title={Rest-apis}, url={https://www.ibm.com/cloud/learn/rest-apis}, journal={IBM}, author={By:       IBM Cloud Education}} 
   
@misc{o, title={OAuth}, url={https://en.wikipedia.org/wiki/OAuth}, journal={Wikipedia}, publisher={Wikimedia Foundation}, year={2022}, month={Nov}}

@misc{json, title={JSON}, url={https://en.wikipedia.org/wiki/JSON}, journal={Wikipedia}, publisher={Wikimedia Foundation}, year={2022}, month={Nov}}
 
@misc{type, title={JavaScript with syntax for types.}, url={https://www.typescriptlang.org/}, journal={TypeScript}}

@misc{html, url={https://www.w3schools.com/html/}, journal={HTML tutorial}}

@misc{http, title={HTTP}, url={https://developer.mozilla.org/en-US/docs/Web/HTTP}, journal={MDN}} 

@misc{no, title={NoSQL database - what is nosql?}, url={https://azure.microsoft.com/en-us/resources/cloud-computing-dictionary/what-is-nosql-database/}, journal={Microsoft Azure}}

 @misc{oop, title={Object-oriented programming}, url={https://en.wikipedia.org/wiki/Object-oriented_programming}, journal={Wikipedia}, publisher={Wikimedia Foundation}, year={2022}, month={Nov}} 
